@article{hausler2013alternative,
  title={Die{\guillemotright} Alternative f{\"u}r Deutschland {\guillemotleft}--eine neue rechtspopulistische Partei},
  author={H{\"a}usler, Alexander and Teubert, Horst and Roeser, Rainer},
  journal={Materialien und Deutungen zur vertiefenden Auseinandersetzung. Heinrich-B{\"o}ll-Stiftung Nordrhein-Westfalen. D{\"u}sseldorf},
  year={2013}
}
@inproceedings{baldini2013so,
  title={So similar, yet so different: Alternative fuer Deutschland and the Pirate Party},
  author={Baldini, Gianfranco and Bolgherini, Silvia},
  booktitle={One-day Authors' Workshop. Germany after the 2013 elections},
  year={2013}
}
@article{schmitt2014euro,
  title={Euro-Kritik, Wirtschaftspessimismus und Einwanderungsskepsis: Hintergr{\"u}nde des Beinah-Wahlerfolges der Alternative f{\"u}r Deutschland (AfD) bei der Bundestagswahl 2013},
  author={Schmitt-Beck, R{\"u}diger},
  journal={Zeitschrift f{\"u}r Parlamentsfragen: ZParl},
  volume={45},
  number={1},
  pages={94--112},
  year={2014},
  publisher={Nomos-Verl.-Ges.}
}
@incollection{niedermayer2015neue,
  title={Eine neue Konkurrentin im Parteiensystem? Die Alternative f{\"u}r Deutschland},
  author={Niedermayer, Oskar},
  booktitle={Die Parteien nach der Bundestagswahl 2013},
  pages={175--207},
  year={2015},
  publisher={Springer}
}
@article{lewandowsky2014alternative,
  title={Alternative f{\"u}r Deutschland (AfD): A new actor in the German party system},
  author={Lewandowsky, Marcel},
  journal={Friedrich Ebert Stiftung},
  year={2014}
}
@article{hausler2015rechten,
  title={Die rechten> Mut<-B{\"u}rger},
  author={H{\"a}usler, Alexander and Roeser, Rainer},
  journal={Entstehung, Entwicklung, Personal \& Positionen der Alternative f{\"u}r Deutschland. Hamburg},
  year={2015}
}
@article{as1994radical,
  title={Radical right-wing populism in Western Europe},
  author={as Politics, Resentment},
  year={1994},
  publisher={Springer}
}
@article{betz1993new,
  title={The new politics of resentment: radical right-wing populist parties in Western Europe},
  author={Betz, Hans-George},
  journal={Comparative Politics},
  pages={413--427},
  year={1993},
  publisher={JSTOR}
}
@article{swank2003globalization,
  title={Globalization, the welfare state and right-wing populism in Western Europe},
  author={Swank, Duane and Betz, Hans-Georg},
  journal={Socio-Economic Review},
  volume={1},
  number={2},
  pages={215--245},
  year={2003},
  publisher={SASE}
}
@Manual{,
  title = {R: A Language and Environment for Statistical Computing},
  author = {{R Core Team}},
  organization = {R Foundation for Statistical Computing},
  address = {Vienna, Austria},
  year = {2015},
  url = {https://www.R-project.org/},
}

Spiegel 2016 - http://www.spiegel.de/politik/deutschland/landtagswahlen-2016-in-der-blitzanalyse-afd-triumph-cdu-debakel-a-1082090.html

Berbuir 2015 - http://www.tandfonline.com/doi/pdf/10.1080/09644008.2014.982546

Ivarsflaten 2008 - http://cps.sagepub.com/content/41/1/3.short


Zeit 2016 - http://www.zeit.de/politik/deutschland/2016-03/afd-analyse-erfolg-landtagswahlen-partei-waehler
