=======
@article{lubbers2002extreme,
  title={Extreme right-wing voting in Western Europe},
  author={Lubbers, Marcel and Gijsberts, M{\'e}rove and Scheepers, Peer},
  journal={European Journal of Political Research},
  volume={41},
  number={3},
  pages={345--378},
  year={2002},
  publisher={Wiley Online Library}
}

@article{taggart1995new,
  title={New populist parties in Western Europe},
  author={Taggart, Paul},
  journal={West European Politics},
  volume={18},
  number={1},
  pages={34--51},
  year={1995},
  publisher={Taylor \& Francis}
}

@article{lubbers2000individual,
  title={Individual and contextual characteristics of the German extreme right-wing vote in the 1990s. A test of complementary theories},
  author={Lubbers, Marcel and Scheepers, Peer},
  journal={European Journal of Political Research},
  volume={38},
  number={1},
  pages={63--94},
  year={2000},
  publisher={Springer}
}

@article{jackman1996conditions,
  title={Conditions favouring parties of the extreme right in Western Europe},
  author={Jackman, Robert W and Volpert, Karin},
  journal={British Journal of Political Science},
  volume={26},
  pages={501--522},
  year={1996},
  publisher={Cambridge Univ Press}
}

@article{minkenberg1992new,
  title={The new right in Germany},
  author={Minkenberg, Michael},
  journal={European Journal of Political Research},
  volume={22},
  number={1},
  pages={55--81},
  year={1992},
  publisher={Wiley Online Library}
}

@article{castles1984left,
  title={Left--right political scales: Some 'expert'judgments},
  author={Castles, Francis G and Mair, Peter},
  journal={European Journal of Political Research},
  volume={12},
  number={1},
  pages={73--88},
  year={1984},
  publisher={Wiley Online Library}
}

@article{kandler2012left,
  title={Left or right? Sources of political orientation: The roles of genetic factors, cultural transmission, assortative mating, and personality.},
  author={Kandler, Christian and Bleidorn, Wiebke and Riemann, Rainer},
  journal={Journal of personality and social psychology},
  volume={102},
  number={3},
  pages={633},
  year={2012},
  publisher={American Psychological Association}
}

@article{caparos2015tree,
  title={The tree to the left, the forest to the right: Political attitude and perceptual bias},
  author={Caparos, Serge and Fortier-St-Pierre, Simon and Gosselin, J{\'e}r{\'e}mie and Blanchette, Isabelle and Brisson, Benoit},
  journal={Cognition},
  volume={134},
  pages={155--164},
  year={2015},
  publisher={Elsevier}
}

@article{aspelund2013political,
  title={Political Conservatism and Left--Right Orientation in 28 Eastern and Western European Countries},
  author={Aspelund, Anna and Lindeman, Marjaana and Verkasalo, Markku},
  journal={Political Psychology},
  volume={34},
  number={3},
  pages={409--417},
  year={2013},
  publisher={Wiley Online Library}
}

@article{visser2014support,
  title={Support for radical left ideologies in Europe},
  author={Visser, Mark and Lubbers, Marcel and Kraaykamp, Gerbert and Jaspers, Eva},
  journal={European journal of political research},
  volume={53},
  number={3},
  pages={541--558},
  year={2014},
  publisher={Wiley Online Library}
}

@article{mudde2013three,
  title={Three decades of populist radical right parties in Western Europe: So what?},
  author={Mudde, Cas},
  journal={European Journal of Political Research},
  volume={52},
  number={1},
  pages={1--19},
  year={2013},
  publisher={Wiley Online Library}
}

@article{dinas2013dusk,
  title={From dusk to dawn Local party organization and party success of right-wing extremism},
  author={Dinas, Elias and Georgiadou, Vassiliki and Konstantinidis, Iannis and Rori, Lamprini},
  journal={Party Politics},
  pages={1354068813511381},
  year={2013},
  publisher={SAGE Publications}
}

@article{treib2014voter,
  title={The voter says no, but nobody listens: causes and consequences of the Eurosceptic vote in the 2014 European elections},
  author={Treib, Oliver},
  journal={Journal of European Public Policy},
  volume={21},
  number={10},
  pages={1541--1554},
  year={2014},
  publisher={Taylor \& Francis}
}

@article{arzheimer2015afd,
  title={The AfD: Finally a Successful Right-Wing Populist Eurosceptic Party for Germany?},
  author={Arzheimer, Kai},
  journal={West European Politics},
  volume={38},
  number={3},
  pages={535--556},
  year={2015},
  publisher={Taylor \& Francis}
}

@article{mudde2014fighting,
  title={Fighting the system? Populist radical right parties and party system change},
  author={Mudde, Cas},
  pages={1354068813519968},
  year={2014},
  publisher={SAGE Publications}